<record><leader>00000cas a22000007a 4500</leader><controlfield tag="001">426491872</controlfield><controlfield tag="008">090720c20099999alumr n       0   a0eng  </controlfield><datafield ind1=" " ind2=" " tag="010"><subfield code="a">  2009203372</subfield></datafield><datafield ind1=" " ind2=" " tag="040"><subfield code="a">DLC</subfield><subfield code="b">eng</subfield><subfield code="c">DLC</subfield><subfield code="d">OCLCQ</subfield></datafield><datafield ind1=" " ind2=" " tag="012"><subfield code="l">1</subfield></datafield><datafield ind1="0" ind2=" " tag="022"><subfield code="a">2150-346X</subfield><subfield code="l">2150-346X</subfield><subfield code="2">1</subfield></datafield><datafield ind1="1" ind2=" " tag="029"><subfield code="a">AU@</subfield><subfield code="b">000044489617</subfield></datafield><datafield ind1="1" ind2=" " tag="029"><subfield code="a">NZ1</subfield><subfield code="b">16076352</subfield></datafield><datafield ind1=" " ind2=" " tag="037"><subfield code="b">Devon Applewhite/Applewhite Publishing Co., 1910 Honeysuckle Rd., #N183, Dothan, AL 36305</subfield></datafield><datafield ind1=" " ind2=" " tag="042"><subfield code="a">msc</subfield><subfield code="a">nsdp</subfield></datafield><datafield ind1="1" ind2="0" tag="050"><subfield code="a">ISSN RECORD</subfield></datafield><datafield ind1="1" ind2="0" tag="082"><subfield code="a">305</subfield><subfield code="2">14</subfield></datafield><datafield ind1=" " ind2="0" tag="222"><subfield code="a">Triangle tribune</subfield><subfield code="b">(Dothan, Ala.)</subfield></datafield><datafield ind1="0" ind2="0" tag="245"><subfield code="a">Triangle tribune.</subfield></datafield><datafield ind1=" " ind2=" " tag="260"><subfield code="a">Dothan, AL :</subfield><subfield code="b">Applewhite Pub. Co</subfield></datafield><datafield ind1=" " ind2=" " tag="310"><subfield code="a">Monthly</subfield></datafield><datafield ind1="1" ind2=" " tag="362"><subfield code="a">Began with vol. 1, issue 1 (May 2009).</subfield></datafield><datafield ind1=" " ind2=" " tag="500"><subfield code="a">"Connecting the Tri-State African -American Community."</subfield></datafield><datafield ind1=" " ind2=" " tag="588"><subfield code="a">Description based on: Vol. 1, issue 1 (May 2009); title from masthead.</subfield></datafield><datafield ind1="1" ind2=" " tag="700"><subfield code="a">Applewhite, Devon.</subfield></datafield><datafield ind1=" " ind2=" " tag="752"><subfield code="a">United States</subfield><subfield code="c">Alabama.</subfield></datafield><datafield ind1=" " ind2=" " tag="752"><subfield code="a">United States</subfield><subfield code="c">Georgia.</subfield></datafield><datafield ind1=" " ind2=" " tag="752"><subfield code="a">United States</subfield><subfield code="c">Florida.</subfield></datafield></record>